<record><leader>00000cas a22000007a 4500</leader><controlfield tag="001">15730603</controlfield><controlfield tag="008">870526d18841890inudn ne      0    0eng d</controlfield><controlfield tag="009">5452</controlfield><datafield ind1=" " ind2=" " tag="010"><subfield code="a">sn 87055950 </subfield></datafield><datafield ind1=" " ind2=" " tag="040"><subfield code="a">NPI</subfield><subfield code="b">eng</subfield><subfield code="c">NPI</subfield><subfield code="d">OCLCQ</subfield></datafield><datafield ind1=" " ind2=" " tag="042"><subfield code="a">msc</subfield></datafield><datafield ind1="0" ind2="4" tag="245"><subfield code="a">The Elkhart daily sentinel.</subfield></datafield><datafield ind1=" " ind2=" " tag="260"><subfield code="a">Elkhart, Ind. :</subfield><subfield code="b">W.H. Norton,</subfield><subfield code="c">1884-</subfield></datafield><datafield ind1=" " ind2=" " tag="310"><subfield code="a">Daily (except Sun.)</subfield></datafield><datafield ind1="0" ind2=" " tag="362"><subfield code="a">Vol. 1, no. 1 (Aug. 11, 1884)-</subfield></datafield><datafield ind1="1" ind2=" " tag="362"><subfield code="a">Ceased in Feb. 1890?</subfield></datafield><datafield ind1=" " ind2=" " tag="580"><subfield code="a">Also published in weekly eds. called: Elkhart Democratic sentinel, 1883-1885; and The Elkhart sentienl, 1885-1890.</subfield></datafield><datafield ind1=" " ind2=" " tag="752"><subfield code="a">United States</subfield><subfield code="b">Indiana</subfield><subfield code="c">Elkhart</subfield><subfield code="d">Elkhart.</subfield></datafield><datafield ind1="1" ind2=" " tag="775"><subfield code="t">Elkhart Democratic sentinel</subfield><subfield code="w">(DLC)sn 87056003</subfield></datafield><datafield ind1="1" ind2=" " tag="775"><subfield code="t">Elkhart sentinel</subfield><subfield code="w">(DLC)sn 87055949</subfield></datafield><datafield ind1="0" ind2="4" tag="785"><subfield code="t">Truth (Elkhart, Ind.)</subfield><subfield code="w">(DLC)Sn 87055945</subfield></datafield></record>